<?xml version="1.0" encoding="UTF-8"?><record xmlns="http://www.loc.gov/MARC21/slim" xmlns:cinclude="http://apache.org/cocoon/include/1.0" xmlns:zs="http://www.loc.gov/zing/srw/">
  <leader>00469cz  a2200157n  4500</leader>
  <controlfield tag="001">no2002023389</controlfield>
  <controlfield tag="003">DLC</controlfield>
  <controlfield tag="005">20130320091208.0</controlfield>
  <controlfield tag="008">020320n| azannaab           |a aaa     c</controlfield>
  <datafield tag="010" ind1=" " ind2=" ">
    <subfield code="a">no2002023389</subfield>
  </datafield>
  <datafield tag="035" ind1=" " ind2=" ">
    <subfield code="a">(OCoLC)oca05717018</subfield>
  </datafield>
  <datafield tag="040" ind1=" " ind2=" ">
    <subfield code="a">NjP</subfield>
    <subfield code="b">eng</subfield>
    <subfield code="e">rda</subfield>
    <subfield code="c">NjP</subfield>
    <subfield code="d">DLC</subfield>
  </datafield>
  <datafield tag="046" ind1=" " ind2=" ">
    <subfield code="g">1764</subfield>
  </datafield>
  <datafield tag="100" ind1="1" ind2=" ">
    <subfield code="a">Thorold, Nathaniel,</subfield>
    <subfield code="d">-1764</subfield>
  </datafield>
  <datafield tag="400" ind1="1" ind2=" ">
    <subfield code="w">nnea</subfield>
    <subfield code="a">Thorold, Nathaniel,</subfield>
    <subfield code="d">d. 1764</subfield>
  </datafield>
  <datafield tag="670" ind1=" " ind2=" ">
    <subfield code="a">Lo Palazzo a Capri, c2000:</subfield>
    <subfield code="b">p. 12 (Sir Nathaniel Thorold; d. Aug. 18, 1764 on Capri)</subfield>
  </datafield>
</record>